
@article{devlin2019bert,
  title={BERT: Pre-training of Deep Bidirectional Transformers for Language Understanding},
  author={Devlin, Jacob and Chang, Ming-Wei and Lee, Kenton and Toutanova, Kristina},
  journal={NAACL},
  year={2019}
}

@inproceedings{wolf2020transformers,
  title={Transformers: State-of-the-Art Natural Language Processing},
  author={Wolf, Thomas and Debut, Lysandre and Sanh, Victor and others},
  booktitle={Proceedings of EMNLP},
  year={2020}
}

@article{radford2020language,
  title={Language Models are Few-Shot Learners},
  author={Radford, Alec and Narasimhan, Karthik and Salimans, Tim and Sutskever, Ilya},
  journal={OpenAI},
  year={2020}
}

@misc{google2024education,
  title={AI Conversational Platforms for Education},
  author={Google Cloud},
  year={2024},
  howpublished={\url{https://cloud.google.com/education}}
}

@misc{ujtl2024portal,
  title={Portal Estudiantil y Guías Académicas},
  author={Universidad Jorge Tadeo Lozano},
  year={2024},
  howpublished={\url{https://www.utadeo.edu.co}}
}

@misc{huggingface2025bert,
  title={Model Hub: BERT Multilingual Base},
  author={Hugging Face},
  year={2025},
  howpublished={\url{https://huggingface.co/bert-base-multilingual-cased}}
}

@article{lopez2023chatbots,
  title={Chatbots en educación superior colombiana},
  author={López, Mariana and Gómez, Pablo},
  journal={Revista de Innovación Digital},
  year={2023}
}

@article{turing1950machine,
  title={Computing Machinery and Intelligence},
  author={Turing, Alan},
  journal={Mind},
  year={1950},
  volume={59},
  pages={433--460}
}

@book{perez2022nlp,
  title={Procesamiento de lenguaje natural con Python y SpaCy},
  author={Pérez, Andrés},
  publisher={Alfaomega},
  year={2022}
}

@misc{mit2024chatterbot,
  title={ChatterBot Corpus (ES)},
  author={MIT License},
  year={2024},
  howpublished={\url{https://github.com/gunthercox/chatterbot-corpus}}
}
